<record><leader>00000cas a22000007a 4500</leader><controlfield tag="001">10359190</controlfield><controlfield tag="008">840131d18511855mauwr ne      0    0eng d</controlfield><datafield ind1=" " ind2=" " tag="010"><subfield code="a">sn 84022241 </subfield></datafield><datafield ind1=" " ind2=" " tag="040"><subfield code="a">NPX</subfield><subfield code="b">eng</subfield><subfield code="c">NPX</subfield><subfield code="d">NPY</subfield><subfield code="d">DLC</subfield><subfield code="d">MGN</subfield><subfield code="d">DLC</subfield><subfield code="d">MGN</subfield><subfield code="d">OCLCQ</subfield><subfield code="d">OCLCG</subfield><subfield code="d">OCLCQ</subfield></datafield><datafield ind1=" " ind2=" " tag="042"><subfield code="a">msc</subfield></datafield><datafield ind1=" " ind2=" " tag="043"><subfield code="a">n-us-ma</subfield></datafield><datafield ind1="0" ind2="0" tag="050"><subfield code="a">Newspaper 8160-X</subfield></datafield><datafield ind1="0" ind2=" " tag="130"><subfield code="a">American weekly traveller (Boston, Mass. : 1851)</subfield></datafield><datafield ind1="1" ind2="0" tag="245"><subfield code="a">American weekly traveller.</subfield></datafield><datafield ind1="1" ind2="3" tag="246"><subfield code="a">American traveller</subfield></datafield><datafield ind1=" " ind2=" " tag="260"><subfield code="a">Boston [Mass.] :</subfield><subfield code="b">Henry Flanders &amp; Co.,</subfield><subfield code="c">-1855.</subfield></datafield><datafield ind1=" " ind2=" " tag="300"><subfield code="a">v. ;</subfield><subfield code="c">68 cm.</subfield></datafield><datafield ind1=" " ind2=" " tag="310"><subfield code="a">Weekly</subfield></datafield><datafield ind1="0" ind2=" " tag="362"><subfield code="a">-v. 17, no. 11 (Mar. 15, 1855).</subfield></datafield><datafield ind1="1" ind2=" " tag="362"><subfield code="a">Began in 1851?</subfield></datafield><datafield ind1=" " ind2=" " tag="500"><subfield code="a">Publishers: Worthington, Flanders &amp; Co., 1851-1855.</subfield></datafield><datafield ind1=" " ind2=" " tag="500"><subfield code="a">Editors: F. Andrews, &lt;1851&gt;-1855; G. Punchard, &lt;1851&gt;-1855.</subfield></datafield><datafield ind1=" " ind2=" " tag="588"><subfield code="a">Description based on: Vol. 13, no. 1 (Feb. 13, 1851).</subfield></datafield><datafield ind1="1" ind2=" " tag="700"><subfield code="a">Andrews, Ferdinand,</subfield><subfield code="d">1802-1883.</subfield></datafield><datafield ind1="1" ind2=" " tag="700"><subfield code="a">Punchard, Geo.</subfield><subfield code="q">(George),</subfield><subfield code="d">1806-1880.</subfield></datafield><datafield ind1=" " ind2=" " tag="752"><subfield code="a">United States</subfield><subfield code="b">Massachusetts</subfield><subfield code="c">Suffolk</subfield><subfield code="d">Boston.</subfield></datafield><datafield ind1="0" ind2=" " tag="775"><subfield code="t">Daily evening traveller</subfield><subfield code="w">(DLC)sn 84022235</subfield></datafield><datafield ind1="0" ind2=" " tag="775"><subfield code="t">American semi-weekly traveller (Boston, Mass. : 1851)</subfield><subfield code="w">(DLC)sn 93059270</subfield></datafield><datafield ind1="0" ind2="0" tag="780"><subfield code="t">American traveller (Boston, Mass. : 1845 : Weekly)</subfield><subfield code="w">(DLC)sn 84022240</subfield></datafield><datafield ind1="0" ind2="0" tag="785"><subfield code="t">American traveller (Boston, Mass. : 1855)</subfield><subfield code="w">(DLC)sn 84022242</subfield></datafield></record>